%% This BibTeX bibliography file was created using BibDesk.
%% https://bibdesk.sourceforge.io/

%% Created for Rafael Suchy at 2020-03-17 12:07:05 +0200 


%% Saved with string encoding Unicode (UTF-8) 



@book{Knuth1984,
	Address = {Reading, MA, USA},
	Author = {Donald~E. Knuth},
	Date-Added = {2019-08-09 16:49:24 +0200},
	Date-Modified = {2019-08-09 17:07:05 +0200},
	Isbn = {0-201-13447-0},
	Keywords = {Computerized typesetting; Mathematics printing},
	Pages = {483},
	Publisher = {Addison-Wesley},
	Title = {The TeXbook},
	Year = {1984}}

